\usepackage[utf8]{inputenc}

@Webpage {NAP,
   author = "{Ministerstvo dopravy České Republiky} and {Ministerstvo životního prostředí České Republiky} and {Ministerstvo průmyslu a obchodu České Republiky}",
   title = "\textit{Aktualizace Národního akčního plánu čisté mobility (NAP CM)}",
   year = "2019",
   howpublished = {[online]},
   url = "{https://www.mdcr.cz/getattachment/Media/Media-a-tiskove-zpravy/Vlada-schvalila-aktualizovany-Narodni-akcni-plan-c/Aktualizace-NAP-CM.pdf.aspx}",
   note = "[Cit. 11. 12. 2021]"
 }
 
 @Webpage {GD,
   author = "{Evropská komise}",
   title = "\textit{Zelená dohoda pro Evropu}",
   year = "2019",
   howpublished = {[online]},
   url = "{https://eur-lex.europa.eu/resource.html?uri=cellar:b828d165-1c22-11ea-8c1f-01aa75ed71a1.0010.02/DOC_1&format=PDF}",
   note = "[Cit. 11. 12. 2021]"
 }
 
  @Webpage {AR,
   author = "{Pennsylvania State University}",
   title = "\textit{Autocorrelation and Time Series Methods}",
   year = "2018",
   howpublished = {[online]},
   url = "{https://online.stat.psu.edu/stat462/node/188/}",
   note = "[Cit. 12. 12. 2021]"
 }
 
  @Website {SDA,
   author = "{Svaz dovozců automobilů - SDA}",
   title = "\textit{SDA}",
   address  = "Kubánské nám. 1391/11, 100 00 PRAHA 10 ",
   year = "2021",
   howpublished = {[online]},
   url = "{https://portal.sda-cia.cz/}",
   note = "[Cit. 11. 12. 2021]"
 }
 